<record xmlns="http://www.loc.gov/MARC21/slim" xmlns:xsi="http://www.w3.org/2001/XMLSchema-instance" xsi:schemaLocation="http://www.loc.gov/MARC21/slim http://www.loc.gov/standards/marcxml/schema/MARC21slim.xsd"><leader>01545cz   2200337n  4500</leader><controlfield tag="001">oca00241325 </controlfield><controlfield tag="005">20041012093906.0</controlfield><controlfield tag="008">790209n| acannaab           |a aaa      </controlfield><datafield ind1=" " ind2=" " tag="010"><subfield code="a">n  79007198 </subfield></datafield><datafield ind1=" " ind2=" " tag="040"><subfield code="a">DLC</subfield><subfield code="c">DLC</subfield><subfield code="d">DLC</subfield><subfield code="d">DLC-R</subfield></datafield><datafield ind1="0" ind2=" " tag="100"><subfield code="a">Proclus,</subfield><subfield code="d">ca. 410-485</subfield></datafield><datafield ind1="0" ind2=" " tag="400"><subfield code="a">Proclus Lycius,</subfield><subfield code="d">ca. 410-485</subfield></datafield><datafield ind1="0" ind2=" " tag="400"><subfield code="a">Proclo,</subfield><subfield code="d">ca. 410-485</subfield></datafield><datafield ind1="0" ind2=" " tag="400"><subfield code="a">Proclo di Atene,</subfield><subfield code="d">ca. 410-485</subfield></datafield><datafield ind1="0" ind2=" " tag="400"><subfield code="a">Proclo di Costantinopoli,</subfield><subfield code="d">ca. 410-485</subfield></datafield><datafield ind1="0" ind2=" " tag="400"><subfield code="a">Proclus Diadochus</subfield><subfield code="w">nnaa</subfield></datafield><datafield ind1="0" ind2=" " tag="400"><subfield code="a">Proclus Arabus,</subfield><subfield code="d">ca. 410-485</subfield></datafield><datafield ind1="0" ind2=" " tag="400"><subfield code="a">Proklos,</subfield><subfield code="d">ca. 410-485</subfield></datafield><datafield ind1="0" ind2=" " tag="400"><subfield code="a">Proclus Diadochus,</subfield><subfield code="d">ca. 410-485</subfield></datafield><datafield ind1="0" ind2=" " tag="400"><subfield code="a">Prokl Diadokh,</subfield><subfield code="d">ca. 410-485</subfield></datafield><datafield ind1="0" ind2=" " tag="400"><subfield code="a">Prokl,</subfield><subfield code="d">ca. 410-485</subfield></datafield><datafield ind1="0" ind2=" " tag="400"><subfield code="a">Proclo Licio Diadoco,</subfield><subfield code="d">ca. 410-485</subfield></datafield><datafield ind1="0" ind2=" " tag="400"><subfield code="a">Proklos Diadochos,</subfield><subfield code="d">ca. 410-485</subfield></datafield><datafield ind1="0" ind2=" " tag="400"><subfield code="a">Proklus,</subfield><subfield code="d">ca. 410-485</subfield></datafield><datafield ind1=" " ind2=" " tag="670"><subfield code="a">Waerden, B.L. v. d. Die gemeinsame Quelle der erkenntnistheoretischen Abhandlungen v. Iamblichos u. Proklos, 1980 (subj.)</subfield><subfield code="b">t.p. (Proklos) p. 5 (Proclus Diadochus)</subfield></datafield><datafield ind1=" " ind2=" " tag="670"><subfield code="a">Petrici, I. Rassmotrenie platonovskoĭ filosofii i Prokla Diadokha, 1984.</subfield></datafield><datafield ind1=" " ind2=" " tag="670"><subfield code="a">His I Manuali, 1985:</subfield><subfield code="b">t.p. (Proclo Licio Diadoco)</subfield></datafield><datafield ind1=" " ind2=" " tag="670"><subfield code="a">His Über die Vorsehung, das Schicksal und den freien Willen an Theodorus, den Ingenieur (Mechaniker), 1980:</subfield><subfield code="b">t.p. (Proklos Diadochos)</subfield></datafield><datafield ind1=" " ind2=" " tag="670"><subfield code="a">Sambursky, S. Proḳlos neśi ha-Aḳademyah ha-Aplaṭonit ... 1985 or 1986.</subfield></datafield><datafield ind1=" " ind2=" " tag="670"><subfield code="a">Iremadze, T. Konzeptionen des Denkens im Neuplatonismus, 2004:</subfield><subfield code="b">CIP galley (Proklus)</subfield></datafield><datafield ind1=" " ind2=" " tag="670"><subfield code="a">Fenomen teurgii, 2003:</subfield><subfield code="b">p. 4 (Prokl)</subfield></datafield></record>